<?xml version="1.0"?>
<collection xmlns="http://www.loc.gov/MARC21/slim">
  <record>
    <leader>01347cam a2200361 a 4500</leader>
    <controlfield tag="001">pcp1985199043cana</controlfield>
    <controlfield tag="003">CaSfIA</controlfield>
    <controlfield tag="005">20160527172004.0</controlfield>
    <controlfield tag="007">cr||||||||||||</controlfield>
    <controlfield tag="008">941111s1991    abc      bc   000 0 ukrod</controlfield>
    <datafield tag="010" ind1=" " ind2=" ">
      <subfield code="a">   97149054</subfield>
    </datafield>
    <datafield tag="016" ind1=" " ind2=" ">
      <subfield code="a">950244414</subfield>
    </datafield>
    <datafield tag="035" ind1=" " ind2=" ">
      <subfield code="a">ocm32929262</subfield>
    </datafield>
    <datafield tag="040" ind1=" " ind2=" ">
      <subfield code="a">CU</subfield>
      <subfield code="b">eng</subfield>
      <subfield code="c">DLC</subfield>
      <subfield code="d">AEU</subfield>
      <subfield code="d">CaSfIA</subfield>
    </datafield>
    <datafield tag="042" ind1=" " ind2=" ">
      <subfield code="a">lccopycat</subfield>
    </datafield>
    <datafield tag="043" ind1=" " ind2=" ">
      <subfield code="a">e-ur-un</subfield>
    </datafield>
    <datafield tag="045" ind1=" " ind2=" ">
      <subfield code="a">x8x9</subfield>
    </datafield>
    <datafield tag="050" ind1="0" ind2="0">
      <subfield code="a">Z6956.U4</subfield>
      <subfield code="b">K38 1991</subfield>
      <subfield code="a">PN5355.U38</subfield>
    </datafield>
    <datafield tag="055" ind1="0" ind2="2">
      <subfield code="a">Z6956*</subfield>
    </datafield>
    <datafield tag="082" ind1="0" ind2="4">
      <subfield code="a">015.47/71035</subfield>
      <subfield code="2">20</subfield>
    </datafield>
    <datafield tag="090" ind1=" " ind2=" ">
      <subfield code="a">PN 5355 U38 Z9 K38 1991</subfield>
      <subfield code="b">AEU</subfield>
    </datafield>
    <datafield tag="245" ind1="0" ind2="0">
      <subfield code="a">Kataloh respublikans&#x2B9;kykh, oblasnykh, ta mis&#x2B9;kykh hazet Ukra&#xEF;ns&#x2B9;ko&#xEF; RSR, 1985-1990.</subfield>
      <subfield code="h">[electronic resource] </subfield>
    </datafield>
    <datafield tag="246" ind1="1" ind2="5">
      <subfield code="a">Catalogue of republican, regional and municipal newspapers of the Ukrainian SSR, 1985-1990</subfield>
    </datafield>
    <datafield tag="260" ind1=" " ind2=" ">
      <subfield code="a">Edmonton, Al&#x2B9;berta :</subfield>
      <subfield code="b">Vyd-vo Kanads&#x2B9;koho in-tu ukra&#xEF;ns&#x2B9;kykh studi&#x12D;, Al&#x2B9;berts&#x2B9;ky&#x12D; universytet ;</subfield>
      <subfield code="a">Ky&#xEF;v :</subfield>
      <subfield code="b">MP Vydavnychy&#x12D; t&#x361;sentr "FITA",</subfield>
      <subfield code="c">1991.</subfield>
    </datafield>
    <datafield tag="300" ind1=" " ind2=" ">
      <subfield code="a">10 leaves ;</subfield>
      <subfield code="c">28 cm.</subfield>
    </datafield>
    <datafield tag="336" ind1=" " ind2=" ">
      <subfield code="a">text</subfield>
      <subfield code="b">txt</subfield>
      <subfield code="2">rdacontent</subfield>
    </datafield>
    <datafield tag="337" ind1=" " ind2=" ">
      <subfield code="a">unmediated</subfield>
      <subfield code="b">n</subfield>
      <subfield code="2">rdamedia</subfield>
    </datafield>
    <datafield tag="338" ind1=" " ind2=" ">
      <subfield code="a">volume</subfield>
      <subfield code="b">nc</subfield>
      <subfield code="2">rdacarrier</subfield>
    </datafield>
    <datafield tag="490" ind1="1" ind2=" ">
      <subfield code="a">Serii&#x361;a Dovidnykiv ;</subfield>
      <subfield code="v">dovidnyk no. 43</subfield>
    </datafield>
    <datafield tag="596" ind1=" " ind2=" ">
      <subfield code="a">38</subfield>
    </datafield>
    <datafield tag="650" ind1=" " ind2="0">
      <subfield code="a">Ukrainian newspapers</subfield>
      <subfield code="v">Bibliography</subfield>
      <subfield code="v">Catalogs.</subfield>
    </datafield>
    <datafield tag="710" ind1="2" ind2=" ">
      <subfield code="a">Canadian Institute of Ukrainian Studies.</subfield>
    </datafield>
    <datafield tag="830" ind1=" " ind2="0">
      <subfield code="a">Occasional research reports ;</subfield>
      <subfield code="v">research rept. no. 43.</subfield>
    </datafield>
    <datafield tag="856" ind1="4" ind2="1">
      <subfield code="u">http://archive.org/details/pcp1985199043cana</subfield>
      <subfield code="z">Free eBook from the Internet Archive</subfield>
      <subfield code="3">Volume 43</subfield>
    </datafield>
    <datafield tag="856" ind1="4" ind2="2">
      <subfield code="u">http://www.openlibrary.org/books/OL753984M</subfield>
      <subfield code="z">Additional information and access via Open Library</subfield>
      <subfield code="3">Volume 43</subfield>
    </datafield>
  </record>
</collection>
